<record><leader>00000cas a22000007a 4500</leader><controlfield tag="001">20739849</controlfield><controlfield tag="008">891206c19899999fludn ne      0   a0eng d</controlfield><datafield ind1=" " ind2=" " tag="010"><subfield code="a">sn 89002105 </subfield></datafield><datafield ind1=" " ind2=" " tag="040"><subfield code="a">NSD</subfield><subfield code="b">eng</subfield><subfield code="c">NSD</subfield><subfield code="d">OCLCQ</subfield></datafield><datafield ind1=" " ind2=" " tag="012"><subfield code="m">1</subfield></datafield><datafield ind1="1" ind2=" " tag="022"><subfield code="a">1047-6547</subfield><subfield code="l">1047-6547</subfield><subfield code="2">1</subfield></datafield><datafield ind1=" " ind2=" " tag="032"><subfield code="a">247620</subfield><subfield code="b">USPS</subfield></datafield><datafield ind1=" " ind2=" " tag="037"><subfield code="b">Hollywood Sun, 2600 N. 29th Ave., Hollywood, FL 33020</subfield></datafield><datafield ind1=" " ind2=" " tag="042"><subfield code="a">nsdp</subfield><subfield code="a">msc</subfield></datafield><datafield ind1=" " ind2="0" tag="222"><subfield code="a">Hollywood sun</subfield></datafield><datafield ind1="0" ind2="0" tag="245"><subfield code="a">Hollywood sun.</subfield></datafield><datafield ind1=" " ind2=" " tag="260"><subfield code="a">Hollywood, FL :</subfield><subfield code="b">Hollywood Sun,</subfield><subfield code="c">[1989]-</subfield></datafield><datafield ind1=" " ind2=" " tag="300"><subfield code="a">v.</subfield></datafield><datafield ind1=" " ind2=" " tag="310"><subfield code="a">Daily, except Sundays</subfield></datafield><datafield ind1="0" ind2=" " tag="362"><subfield code="a">Vol. 1, no. 1 (Nov. 1, 1989)-</subfield></datafield><datafield ind1=" " ind2=" " tag="752"><subfield code="a">United States</subfield><subfield code="b">Florida</subfield><subfield code="c">Broward</subfield><subfield code="d">Hollywood.</subfield></datafield><datafield ind1=" " ind2=" " tag="752"><subfield code="a">United States</subfield><subfield code="b">Florida</subfield><subfield code="c">Broward</subfield><subfield code="d">Cooper City.</subfield></datafield><datafield ind1=" " ind2=" " tag="752"><subfield code="a">United States</subfield><subfield code="b">Florida</subfield><subfield code="c">Broward</subfield><subfield code="d">Dania.</subfield></datafield><datafield ind1=" " ind2=" " tag="752"><subfield code="a">United States</subfield><subfield code="b">Florida</subfield><subfield code="c">Broward</subfield><subfield code="d">Davie.</subfield></datafield><datafield ind1=" " ind2=" " tag="752"><subfield code="a">United States</subfield><subfield code="b">Florida</subfield><subfield code="c">Broward</subfield><subfield code="d">Hallandale.</subfield></datafield><datafield ind1=" " ind2=" " tag="752"><subfield code="a">United States</subfield><subfield code="b">Florida</subfield><subfield code="c">Broward</subfield><subfield code="d">Pembroke Park.</subfield></datafield><datafield ind1=" " ind2=" " tag="752"><subfield code="a">United States</subfield><subfield code="b">Florida</subfield><subfield code="c">Broward</subfield><subfield code="d">Pembroke Pines.</subfield></datafield><datafield ind1="0" ind2="0" tag="780"><subfield code="t">Sun-tattler</subfield><subfield code="x">8750-3999</subfield><subfield code="w">(DLC)sn 84001811</subfield></datafield></record>